@misc{googleguide,
  author = {Google},
  title = {Google Style Guides},
  publisher = {GitHub},
  journal = {GitHub repository},
  howpublished = {\url{https://github.com/google/styleguide}},
}

@misc{aws,
 author = {Amazon},
 title = {Amazon Web Services},
 howpublished = {\url{https://aws.amazon.com/es/}},
 note = "[Accessed 2018-02-22]"
 }

@misc{aurora,
 author = {Amazon},
 title = {RDS Aurora},
 howpublished = {\url{https://aws.amazon.com/rds/aurora/}},
 note = "[Accessed 2018-02-23]"
 }

 @misc{ec2,
 author = {Amazon},
 title = {Amazon EC2},
 howpublished = {\url{https://aws.amazon.com/es/ec2/}},
 note = "[Accessed 2018-02-22]"}

@article{edt,
title = "The work breakdown structure in software project management",
journal = "Journal of Systems and Software",
volume = "1",
pages = "181 - 186",
year = "1979",
issn = "0164-1212",
doi = "https://doi.org/10.1016/0164-1212(79)90018-9",
url = "http://www.sciencedirect.com/science/article/pii/0164121279900189",
author = "Robert C. Tausworthe"
}

@book{libroMMM,
 author = {Brooks,Jr., Frederick P.},
 title = {The Mythical Man-month},
 year = {1995},
 isbn = {0-201-83595-9},
 publisher = {Addison-Wesley Longman Publishing Co., Inc.},
 address = {Boston, MA, USA},
} 


@article{ismcts,
author = {Cowling, Peter and Powley, Edward and Whitehouse, Daniel},
year = {2012},
month = {06},
pages = {120-143},
title = {Information Set Monte Carlo Tree Search},
volume = {4},
booktitle = {IEEE Transactions on Computational Intelligence and Ai in Games}
}

@article{ismcts2,
author = {Chaslot, Guillaume and Winands, Mark and Herik, H and Uiterwijk, Jos and Bouzy, Bruno},
year = {2008},
month = {11},
pages = {343-357},
title = {Progressive Strategies for Monte-Carlo Tree Search},
volume = {04},
booktitle = {New Mathematics and Natural Computation}
}

@misc{ismctspy,
 author = {Peter Cowling, Edward Powley, Daniel Whitehouse},
 title = {ISMCTS.py},
 howpublished = {\url{http://www.aifactory.co.uk/newsletter/ISMCTS.txt}},
 note = "[Accessed 2018-05-31]"}

